@misc{emacs_wiki,
  title= {Emacs wiki},
  author = {THe Free software Foundation},
  howpublished = {\url{https://www.emacswiki.org/}},
  note = {Accesed not so often}
  }

@misc{org_wiki,
  title= {Org wiki},
  author = {Anonimous},
  howpublished = {\url{https://orgmode.org/worg/index.html}},
  note = {Accesed not so often}
  }

@misc{org_ref,
  title= {Org Ref},
  author = {John Kitchin},
  howpublished = {\url{https://github.com/jkitchin/org-ref}},
  note = {Accesed just when I was learning}
  }

